<record><leader>00000cas a22000007a 4500</leader><controlfield tag="001">27994692</controlfield><controlfield tag="008">930428d19391940ctuwr ne      0    0eng d</controlfield><datafield ind1=" " ind2=" " tag="010"><subfield code="a">sn 93053960 </subfield></datafield><datafield ind1=" " ind2=" " tag="040"><subfield code="a">CNW</subfield><subfield code="b">eng</subfield><subfield code="c">CNW</subfield><subfield code="d">OCLCQ</subfield></datafield><datafield ind1=" " ind2=" " tag="042"><subfield code="a">msc</subfield></datafield><datafield ind1="0" ind2="0" tag="245"><subfield code="a">Windsor booster-herald.</subfield></datafield><datafield ind1=" " ind2=" " tag="260"><subfield code="a">Windsor, Conn. :</subfield><subfield code="b">Benjamin S. Carter</subfield></datafield><datafield ind1=" " ind2=" " tag="300"><subfield code="a">v.</subfield></datafield><datafield ind1=" " ind2=" " tag="310"><subfield code="a">Weekly</subfield></datafield><datafield ind1="0" ind2=" " tag="362"><subfield code="a">Vol. 2, no. 19 (Sept. 8, 1939)-v. 3, no. 30 (July 19, 1940).</subfield></datafield><datafield ind1=" " ind2="4" tag="651"><subfield code="a">Windsor (Conn.)</subfield><subfield code="v">Newspapers.</subfield></datafield><datafield ind1=" " ind2=" " tag="752"><subfield code="a">United States</subfield><subfield code="b">Connecticut</subfield><subfield code="c">Hartford</subfield><subfield code="d">Windsor.</subfield></datafield><datafield ind1="0" ind2="4" tag="780"><subfield code="t">Windsor herald (Windsor, Conn. : 1926)</subfield><subfield code="w">(DLC)sn 93053936</subfield><subfield code="w">(OCoLC)27994673</subfield></datafield><datafield ind1="0" ind2="4" tag="780"><subfield code="t">Windsor booster</subfield><subfield code="w">(DLC)sn 93054161</subfield><subfield code="w">(OCoLC)29528674</subfield></datafield><datafield ind1="1" ind2=" " tag="029"><subfield code="a">AU@</subfield><subfield code="b">000020738314</subfield></datafield></record>